@article{boehm,
 author = {Boehm, Hans-Juergen and Weiser, Mark},
 title = {Garbage Collection in an Uncooperative Environment},
 journal = {Softw. Pract. Exper.},
 issue_date = {September 1988},
 volume = {18},
 number = {9},
 month = sep,
 year = {1988},
 issn = {0038-0644},
 pages = {807--820},
 numpages = {14},
 url = {http://dx.doi.org/10.1002/spe.4380180902},
 doi = {10.1002/spe.4380180902},
 acmid = {52202},
 publisher = {John Wiley \& Sons, Inc.},
 address = {New York, NY, USA},
} 

@book{ml,
 author = {Milner, Robin and Tofte, Mads and Macqueen, David},
 title = {The  Definition of Standard ML},
 year = {1997},
 isbn = {0262631814},
 publisher = {MIT Press},
 address = {Cambridge, MA, USA},
} 

# ????? journal={Cited on}, volume={23}, number={26}, pages={148},
@article{haskell,
  title={Report on the Programming Language {Haskell} 98, A Non-strict
Purely Functional Language, {February} 1999},
  author={Jones, Simon Peyton and Hughes, John and Augustsson, Lennart
and Barton, Dave and Boutel, Brian and Burton, Warren and Fasel, Joseph
and Hammond, Kevin and Hinze, Ralf and Hudak, Paul and Johnsson, Thomas
and Jones, Mark and Launchbury, John and Meijer, Eric and Peterson, John
and Reid, Alistair and Runciman, Colin and Wadler, Philip},
  year={1999}
}

@article{mercury,
  author    = {Zoltan Somogyi and
               Fergus Henderson and
               Thomas C. Conway},
  title     = {The Execution Algorithm of {Mercury}, an Efficient Purely
               Declarative Logic Programming Language},
  journal   = {J. Log. Program.},
  volume    = {29},
  number    = {1-3},
  year      = {1996},
  pages     = {17-64},
  ee        = {http://dx.doi.org/10.1016/S0743-1066(96)00068-4},
  bibsource = {DBLP, http://dblp.uni-trier.de}
}

@misc{pawns,
  author = {Lee Naish},
  title = {An informal introduction to {Pawns}: a declarative/imperative
        language},
  year = 2015,
  howpublished =
{\url{http://people.eng.unimelb.edu.au/lee/papers/pawns}},
  note = {Accessed 2015-03-16}
}

@article{mlvalrest,
    author = {Andrew Wright},
    title = {Simple Imperative Polymorphism},
    booktitle = {LISP and Symbolic Computation},
    volume = {8},
    number = {4},
    year = {1995},
    pages = {343--356}
}

@article{adttool,
  added-at = {2012-02-08T00:00:00.000+0100},
  author = {Hartel, Pieter H. and Muller, Henk L.},
  biburl =
{http://www.bibsonomy.org/bibtex/2392f368a0bdb4489706be4129c8022d6/dblp},
  ee = {http://dx.doi.org/10.1002/spe.1058},
  interhash = {171c3578dd1183a577443d61123fc3d5},
  intrahash = {392f368a0bdb4489706be4129c8022d6},
  journal = {Softw., Pract. Exper.},
  keywords = {dblp},
  number = 2,
  pages = {191-210},
  timestamp = {2012-02-08T00:00:00.000+0100},
  title = {Simple algebraic data types for {C}},
  url = {http://dblp.uni-trier.de/db/journals/spe/spe42.html},
  volume = 42,
  year = 2012
}

@article{234tree,
year={1972},
issn={0001-5903},
journal={Acta Informatica},
volume={1},
number={4},
doi={10.1007/BF00289509},
title={Symmetric binary {B}-Trees: Data structure and maintenance
algorithms},
url={http://dx.doi.org/10.1007/BF00289509},
publisher={Springer-Verlag},
author={Bayer, Rudolf},
pages={290-306},
language={English}
}


@article{pawns-sharing,
  author    = {Lee Naish},
  title     = {Sharing analysis in the {Pawns} compiler},
  journal   = {PeerJ Computer Science},
  volume    = {1},
  number     = {e22},
  year      = {2015},
  url       = {https://dx.doi.org/10.7717/peerj-cs.22},
abstractURL = "http://people.eng.unimelb.edu.au/lee/papers/pawnsshare/",
  doi       = {10.7717/peerj-cs.22}
}

@inproceedings{rbtree,
 author = {Guibas, Leo J. and Sedgewick, Robert},
 title = {A Dichromatic Framework for Balanced Trees},
 booktitle = {Proceedings of the 19th Annual Symposium on Foundations of
Computer Science},
 series = {SFCS '78},
 year = {1978},
 pages = {8--21},
 numpages = {14},
 url = {http://dx.doi.org/10.1109/SFCS.1978.3},
 doi = {10.1109/SFCS.1978.3},
 acmid = {1382565},
 publisher = {IEEE Computer Society},
 address = {Washington, DC, USA},
} 

@inproceedings{hope,
  author    = {Rod M. Burstall and
               David B. MacQueen and
               Donald Sannella},
  title     = {{HOPE:} An Experimental Applicative Language},
  booktitle = {{LFP '80: Proceedings of the 1980 ACM Conference on LISP
		and Functional Programming}},
 location = {Stanford University, California, USA},
 publisher = {ACM},
 address = {New York, NY, USA},
  pages     = {136--143},
  year      = {1980}
}
